@Article{journals/corr/HintonVD15,
  title =	"Distilling the Knowledge in a Neural Network",
  author =	"Geoffrey E. Hinton and Oriol Vinyals and Jeffrey
		 Dean",
  journal =	"CoRR",
  year = 	"2015",
  volume =	"abs/1503.02531",
  bibdate =	"2018-08-13",
  bibsource =	"DBLP,
		 http://dblp.uni-trier.de/db/journals/corr/corr1503.html#HintonVD15",
  URL =  	"http://arxiv.org/abs/1503.02531",
}

@Article{journals/corr/LuketinaBR15,
  title =	"Scalable Gradient-Based Tuning of Continuous
		 Regularization Hyperparameters",
  author =	"Jelena Luketina and Mathias Berglund and Klaus Greff
		 and Tapani Raiko",
  journal =	"CoRR",
  year = 	"2015",
  volume =	"abs/1511.06727",
  bibdate =	"2018-08-13",
  bibsource =	"DBLP,
		 http://dblp.uni-trier.de/db/journals/corr/corr1511.html#LuketinaBR15",
  URL =  	"http://arxiv.org/abs/1511.06727",
}

@Article{journals/anor/BakhteevS20,
  title =	"Comprehensive analysis of gradient-based
		 hyperparameter optimization algorithms",
  author =	"Oleg Yu. Bakhteev and Vadim V. Strijov",
  journal =	"Ann. Oper. Res",
  year = 	"2020",
  number =	"1",
  volume =	"289",
  bibdate =	"2020-08-13",
  bibsource =	"DBLP,
		 http://dblp.uni-trier.de/https://doi.org/10.1007/s10479-019-03286-z;
		 DBLP,
		 http://dblp.uni-trier.de/db/journals/anor/anor289.html#BakhteevS20",
  pages =	"51--65",
}

@Article{journals/corr/AndrychowiczDGH16,
  title =	"Learning to learn by gradient descent by gradient
		 descent",
  author =	"Marcin Andrychowicz and Misha Denil and Sergio Gomez
		 Colmenarejo and Matthew W. Hoffman and David Pfau and
		 Tom Schaul and Nando de Freitas",
  journal =	"CoRR",
  year = 	"2016",
  volume =	"abs/1606.04474",
  bibdate =	"2018-08-13",
  bibsource =	"DBLP,
		 http://dblp.uni-trier.de/db/journals/corr/corr1606.html#AndrychowiczDGH16",
  URL =  	"http://arxiv.org/abs/1606.04474",
}