@Article{journals/corr/HintonVD15,
  title =	"Distilling the Knowledge in a Neural Network",
  author =	"Geoffrey E. Hinton and Oriol Vinyals and Jeffrey
		 Dean",
  journal =	"CoRR",
  year = 	"2015",
  volume =	"abs/1503.02531",
  bibdate =	"2018-08-13",
  bibsource =	"DBLP,
		 http://dblp.uni-trier.de/db/journals/corr/corr1503.html#HintonVD15",
  URL =  	"http://arxiv.org/abs/1503.02531",
}

@Article{journals/corr/LuketinaBR15,
  title =	"Scalable Gradient-Based Tuning of Continuous
		 Regularization Hyperparameters",
  author =	"Jelena Luketina and Mathias Berglund and Klaus Greff
		 and Tapani Raiko",
  journal =	"CoRR",
  year = 	"2015",
  volume =	"abs/1511.06727",
  bibdate =	"2018-08-13",
  bibsource =	"DBLP,
		 http://dblp.uni-trier.de/db/journals/corr/corr1511.html#LuketinaBR15",
  URL =  	"http://arxiv.org/abs/1511.06727",
}

@Article{journals/anor/BakhteevS20,
  title =	"Comprehensive analysis of gradient-based
		 hyperparameter optimization algorithms",
  author =	"Oleg Yu. Bakhteev and Vadim V. Strijov",
  journal =	"Ann. Oper. Res",
  year = 	"2020",
  number =	"1",
  volume =	"289",
  bibdate =	"2020-08-13",
  bibsource =	"DBLP,
		 http://dblp.uni-trier.de/https://doi.org/10.1007/s10479-019-03286-z;
		 DBLP,
		 http://dblp.uni-trier.de/db/journals/anor/anor289.html#BakhteevS20",
  pages =	"51--65",
}

@Article{journals/corr/AndrychowiczDGH16,
  title =	"Learning to learn by gradient descent by gradient
		 descent",
  author =	"Marcin Andrychowicz and Misha Denil and Sergio Gomez
		 Colmenarejo and Matthew W. Hoffman and David Pfau and
		 Tom Schaul and Nando de Freitas",
  journal =	"CoRR",
  year = 	"2016",
  volume =	"abs/1606.04474",
  bibdate =	"2018-08-13",
  bibsource =	"DBLP,
		 http://dblp.uni-trier.de/db/journals/corr/corr1606.html#AndrychowiczDGH16",
  URL =  	"http://arxiv.org/abs/1606.04474",
}

@Article{journals/corr/MaclaurinDA15,
  title =	"Gradient-based Hyperparameter Optimization through
		 Reversible Learning",
  author =	"Dougal Maclaurin and David Duvenaud and Ryan P.
		 Adams",
  journal =	"CoRR",
  year = 	"2015",
  volume =	"abs/1502.03492",
  bibdate =	"2019-07-22",
  bibsource =	"DBLP,
		 http://dblp.uni-trier.de/db/journals/corr/corr1502.html#MaclaurinDA15",
  URL =  	"http://arxiv.org/abs/1502.03492",
}

@InProceedings{conf/cvpr/PassalisTT20,
  title =	"Heterogeneous Knowledge Distillation Using Information
		 Flow Modeling",
  author =	"Nikolaos Passalis and Maria Tzelepi and Anastasios
		 Tefas",
  publisher =	"IEEE",
  year = 	"2020",
  bibdate =	"2020-08-11",
  bibsource =	"DBLP,
		 http://dblp.uni-trier.de/https://doi.org/10.1109/CVPR42600.2020.00241;
		 DBLP,
		 http://dblp.uni-trier.de/db/conf/cvpr/cvpr2020.html#PassalisTT20",
  booktitle =	"CVPR",
  crossref =	"conf/cvpr/2020",
  ISBN = 	"978-1-7281-7168-5",
  pages =	"2336--2345",
}

@proceedings{conf/cvpr/2020,
  title     = {2020 {IEEE/CVF} Conference on Computer Vision and Pattern Recognition,
               {CVPR} 2020, Seattle, WA, USA, June 13-19, 2020},
  publisher = {{IEEE}},
  year      = {2020},
  url       = {https://ieeexplore.ieee.org/xpl/conhome/9142308/proceeding},
  isbn      = {978-1-7281-7168-5},
  timestamp = {Tue, 11 Aug 2020 16:59:49 +0200},
  biburl    = {https://dblp.org/rec/conf/cvpr/2020.bib},
  bibsource = {dblp computer science bibliography, https://dblp.org}
}

@article{krizhevsky2009learning,
  title={Learning multiple layers of features from tiny images},
  author={Krizhevsky, Alex and others},
  year={2009},
  publisher={Citeseer}
}

@Misc{distknow,
author =   {},
title =    {},
url = {https://github.com/Intelligent-Systems-Phystech/2021-Project-84},
year = {}
}

@Article{journals/corr/Pedregosa16,
  title =	"Hyperparameter optimization with approximate
		 gradient",
  author =	"Fabian Pedregosa",
  journal =	"CoRR",
  year = 	"2016",
  volume =	"abs/1602.02355",
  bibdate =	"2018-08-13",
  bibsource =	"DBLP,
		 http://dblp.uni-trier.de/db/journals/corr/corr1602.html#Pedregosa16",
  URL =  	"http://arxiv.org/abs/1602.02355",
}

@misc{bishop2006pattern,
  title={Pattern Recognition and Machine Learning (Information Science and Statistics)},
  author={Bishop, Christopher M},
  year={2006},
  publisher={Springer-Verlag}
}


@article{bergstra2012random,
  title={Random search for hyper-parameter optimization.},
  author={Bergstra, James and Bengio, Yoshua},
  journal={Journal of machine learning research},
  volume={13},
  number={2},
  year={2012}
}

@InProceedings{pkt_eccv,
author = {Passalis, Nikolaos and Tzelepi, Maria and Tefas, Anastasios},
title = {Heterogeneous Knowledge Distillation using Information Flow Modeling},
booktitle = {Proceedings of the IEEE Conference on Computer Vision and Pattern Recognition},
year = {2020}
}

@article{liu2018darts,
  title={DARTS: Differentiable Architecture Search},
  author={Liu, Hanxiao and Simonyan, Karen and Yang, Yiming},
  journal={arXiv preprint arXiv:1806.09055},
  year={2018}
}

@inproceedings{bergstra2013making,
  title={Making a science of model search: Hyperparameter optimization in hundreds of dimensions for vision architectures},
  author={Bergstra, James and Yamins, Daniel and Cox, David},
  booktitle={International conference on machine learning},
  pages={115--123},
  year={2013},
  organization={PMLR}
}


@Article{journals/corr/abs-1708-07747,
  title =	"Fashion-MNIST: a Novel Image Dataset for Benchmarking
		 Machine Learning Algorithms",
  author =	"Han Xiao and Kashif Rasul and Roland Vollgraf",
  journal =	"CoRR",
  year = 	"2017",
  volume =	"abs/1708.07747",
  bibdate =	"2018-08-13",
  bibsource =	"DBLP,
		 http://dblp.uni-trier.de/db/journals/corr/corr1708.html#abs-1708-07747",
  URL =  	"http://arxiv.org/abs/1708.07747",
}

@inproceedings{rasley2020deepspeed,
  title={Deepspeed: System optimizations enable training deep learning models with over 100 billion parameters},
  author={Rasley, Jeff and Rajbhandari, Samyam and Ruwase, Olatunji and He, Yuxiong},
  booktitle={Proceedings of the 26th ACM SIGKDD International Conference on Knowledge Discovery \& Data Mining},
  pages={3505--3506},
  year={2020}
}
